@misc{HTTP,
 author = {Roy T. Fielding and Julian F. Reschke},
 date = {2014},
 title = {Hypertext Transfer Protocol (HTTP/1.1): Semantics and Content},
 number = {7231},
 file = {http://www.rfc-editor.org/rfc/rfc7231.txt}
}

@misc{Heroku.20191101,
 author = {Heroku},
 year = {2019-11-01},
 title = {Free Dyno Hours | Heroku Dev Center},
 url = {https://devcenter.heroku.com/articles/free-dyno-hours},
 urldate = {2019-12-06}
}

@misc{SOsurvey,
  author = {{Stack Exchange Inc.}},
  year = {2019},
  title = {Stack Overflow Developer Survey},
  url = {https://insights.stackoverflow.com/survey/2019#technology-_-web-frameworks},
  urldate = {2019-12-06}
}


@misc{Richardson,
  author = {Leonard Richardson},
  title = {JWTUMOIM: Act 3},
  year = {2009-01-16},
  url = {https://www.crummy.com/writing/speaking/2008-QCon/act3.html},
  urldate = {2019-11-10}
}


@misc{Fowler,
  author = {Martin Fowler},
  title = {Richardson Maturity Model},
  year = {2010-03-18},
  url = {https://www.martinfowler.com/articles/richardsonMaturityModel.html},
  urldate = {2019-11-10}
}


@misc{Desrosiers,
  author = {Jason Desrosiers},
  title = {The Hypermedia Maturity Model | 8th Light},
  year = {2018-05-30},
  url = {https://8thlight.com/blog/jason-desrosiers/2018/05/30/the-hypermedia-maturity-model.html},
  urldate = {2019-11-11}
}


@book {TN_libero_mab21658382,
  author = { Melzer, Ingo },
  title = { Service-orientierte Architekturen mit Web Services Konzepte - Standards - Praxis },
  edition = { 3. Aufl. } ,
  publisher = {Spektrum Akad. Verl.},
  isbn = {9783827419934},
  isbn = {382741993X},
  keywords = { Web services , Serviceorientierte Architektur , Web Services },
  year = {2008},
  address = { Heidelberg },
  url = { http://slubdd.de/katalog?TN_libero_mab21658382 }
}


@misc{GitHubAPI,
  author = {Garen Torikian and Kyle Daigle and David Celis and Charlie Somerville and Brooks Swinnerton and Brandon Black},
  year = {2016-09-14},
  title = {The GitHub GraphQL API - The GitHub Blog},
  url = {https://github.blog/2016-09-14-the-github-graphql-api/},
  urldate = {2019-12-06}
}


@online{Barbettini,
    author = {Nate Barbettini},
    title  = {Nate Barbettini – API Throwdown: RPC vs REST vs GraphQL, Iterate 2018},
    month  = {mar},
    year   = {2018},
    url    = {https://www.youtube.com/watch?v=IvsANO0qZEg},
    publisher = {OktaDev},
    note   = {Veröffentlicht von OktaDev},
    urldate = {2019-11-17}
}


@book{Bengel,
  author    = {Günther Bengel},
  title     = {Grundkurs Verteilte Systeme},
  publisher = {Springer Vieweg},
  year      = {2014},
  edition   = {fourth},
  isbn      = {978-3-8348-1670-2},
  doi       = {10.1007/978-3-8348-2150-8},
  pages     = {355}
}


@misc{IvanGoncharov.20180323,
 author = {{Ivan Goncharov}},
 year = {2018-03-23},
 title = {Trouble with graphql orderBy},
 url = {https://github.com/graphql/graphql-spec/issues/427#issuecomment-375764325},
 urldate = {2019-12-06}
}


@misc{LeeByron.20181002,
 author = {{Lee Byron}},
 year = {2018-10-02},
 title = {Proposal: Basic expression language for filter inside GraphQL},
 url = {https://github.com/graphql/graphql-spec/issues/271#issuecomment-426167175},
 urldate = {2019-12-06}
}


@misc{PhilSturgeon.20170124,
 author = {{Phil Sturgeon}},
 year = {2017-01-24},
 title = {GraphQL vs REST: Overview},
 url = {https://phil.tech/api/2017/01/24/graphql-vs-rest-overview/},
 urldate = {2019-12-06}
}


@phdthesis{REST,
 author = {Roy Thomas Fielding},
 year = {2000},
 title = {Architectural Styles and the Design of Network-based Software Architectures},
 url = {https://www.ics.uci.edu/~fielding/pubs/dissertation/fielding_dissertation.pdf},
 school = {{University of California, Irvine}},
 type = {Doctoral dissertation},
 urldate = {2019-10-25}
}


@misc{fieldBlog,
 author = {Roy Thomas Fielding},
 year = {2008},
 title = {REST APIs must be hypertext-driven},
 url = {https://roy.gbiv.com/untangled/2008/rest-apis-must-be-hypertext-driven},
 urldate = {2019-11-25}
}


@misc{specialization,
 author = {{Roy Thomas Fielding}},
 year = {2008},
 title = {Specialization},
 url = {https://roy.gbiv.com/untangled/2008/specialization},
 urldate = {2019-12-04}
}


